@phdthesis{MINOSbackhouse,
  author = "Christopher James Backhouse",
  title = "Measuring neutrino oscillation parameters using $\nu_\mu$ disappearance in MINOS",
  school = "Oriel College, Oxford",
  year = "2011",
  month = "Hilary Term",
  note = "kNN PID between EM and hadronic showers"
}

@techreport{kalmanFilter,
  author = "Greg Welch and Gary Bishop",
  title = "An Introduction to the Kalman Filter",
  year = "2006",
  month = "July",
  institution = "University of North Carolina at Chapel Hill",
  address = "Chapel Hill, NC 27599-3175",
  number = "TR 95-041",
  note = "A description of the mathematics involved in the Kalman filer"
}


